@article{mikhalkin2008tropical,
  title={Tropical curves, their {J}acobians and theta functions},
  author={Mikhalkin, Grigory and Zharkov, Ilia},
  journal={Curves and abelian varieties},
  volume=465,
  pages={203--230},
  year=2008
}
@article{zharkov2015c,
  title={{$C$} is not equivalent to {$C^{-}$} in its {J}acobian: a tropical point of view},
  author={Zharkov, Ilia},
  journal={International Mathematics Research Notices},
  volume=2015,
  number=3,
  pages={817--829},
  year=2015,
  publisher={OUP}
}
@article{ceresa1983c,
  title={{$C$} is not algebraically equivalent to {$C^{-}$} in its {J}acobian},
  author={Ceresa, Giuseppe},
  journal={Annals of Mathematics},
  pages={285--291},
  year=1983,
  publisher={JSTOR}
}
@article{corey2020ceresa,
  title={The {C}eresa class: tropical, topological, and algebraic},
  author={Corey, Daniel and Ellenberg, Jordan and Li, Wanlin},
  journal={arXiv preprint arXiv:2009.10824},
  year={2020}
}
@article{corey2021tropical,
  title={Tropical curves of hyperelliptic type},
  author={Corey, Daniel},
  journal={Journal of Algebraic Combinatorics},
  volume={53},
  number={4},
  pages={1215--1229},
  year={2021},
  publisher={Springer}
}
@article{corey2022ceresa,
  title={The {C}eresa class and tropical curves of hyperelliptic type},
  author={Corey, Daniel and Li, Wanlin},
  journal={arXiv preprint arXiv:2204.06316},
  year={2022}
}
@article{baker2009harmonic,
  title={Harmonic morphisms and hyperelliptic graphs},
  author={Baker, Matthew and Norine, Serguei},
  journal={International Mathematics Research Notices},
  volume=2009,
  number=15,
  pages={2914--2955},
  year=2009,
  publisher={OUP}
}
@article{caporaso2010torelli,
title = {Torelli theorem for graphs and tropical curves},
author = {Caporaso, Lucia and Viviani, Filippo},
volume = {153},
journal = {Duke Mathematical Journal},
number = {1},
publisher = {Duke University Press},
pages = {129--171},
year = {2010},
doi = {10.1215/00127094-2010-022},
URL = {https://doi.org/10.1215/00127094-2010-022}
}
@article{allermann2010first,
  title={First steps in tropical intersection theory},
  author={Allermann, Lars and Rau, Johannes},
  journal={Mathematische zeitschrift},
  volume={264},
  number={3},
  pages={633--670},
  year={2010},
  publisher={Springer}
}
@article{allermann2011tropical,
  title={Tropical intersection products on smooth varieties},
  author={Allermann, Lars},
  journal={Journal of the European Mathematical Society},
  volume={14},
  number={1},
  pages={107--126},
  year={2011}
}
@phdthesis{gross2017intersection,
  title={An Intersection-Theoretic Approach to Correspondence Problems in Tropical Geometry},
  author={Gross, Andreas},
  year={2017},
  school={Dissertation, Kaiserslautern, Technische Universit{\"a}t Kaiserslautern, 2016}
}
@article{beauville2021non,
  title={A non-hyperelliptic curve with torsion {C}eresa cycle modulo algebraic equivalence},
  author={Beauville, Arnaud and Schoen, Chad},
  journal={arXiv preprint arXiv:2106.08390},
  year={2021}
}
@article{bisogno2023group,
  title={Group-theoretic {J}ohnson classes and a non-hyperelliptic curve with torsion {C}eresa class},
  author={Bisogno, Dean and Li, Wanlin and Litt, Daniel and Srinivasan, Padmavathi},
  journal={{\'E}pijournal de G{\'e}om{\'e}trie Alg{\'e}brique},
  volume=7,
  year=2023,
  publisher={Episciences. org}
}
@article{chan2013tropical,
  title={Tropical hyperelliptic curves},
  author={Chan, Melody},
  journal={Journal of Algebraic Combinatorics},
  volume={37},
  pages={331--359},
  year={2013},
  publisher={Springer}
}
@incollection{mikhalkin2014tropical,
	title={Tropical eigenwave and intermediate Jacobians},
	author={Mikhalkin, Grigory and Zharkov, Ilia},
	booktitle={Homological mirror symmetry and tropical geometry},
	pages={309--349},
	year={2014},
	publisher={Springer}
}
@book{farb2011primer,
  title={A primer on mapping class groups},
  author={Farb, Benson and Margalit, Dan},
  volume=41,
  year=2011,
  publisher={Princeton University Press}
}
@article{barr1995oriented,
  title={Oriented singular homology},
  author={Barr, Michael},
  journal={Theory and Applications of Categories},
  volume={1},
  number={1},
  pages={1--9},
  year={1995}
}
@article{whitney19332,
  title={2-isomorphic graphs},
  author={Whitney, Hassler},
  journal={American Journal of Mathematics},
  volume={55},
  number={1},
  pages={245--254},
  year={1933},
  publisher={JSTOR}
}
@article{itenberg2019tropical,
  title={Tropical homology},
  author={Itenberg, Ilia and Katzarkov, Ludmil and Mikhalkin, Grigory and Zharkov, Ilia},
  journal={Mathematische annalen},
  volume=374,
  number={1-2},
  pages={963--1006},
  year=2019,
  publisher={Springer}
}
@article{allermann2016rational,
  title={On rational equivalence in tropical geometry},
  author={Allermann, Lars and Hampe, Simon and Rau, Johannes},
  journal={Canadian Journal of Mathematics},
  volume={68},
  number={2},
  pages={241--257},
  year={2016},
  publisher={Cambridge University Press}
}
@article{jell2018lefschetz,
  title={Lefschetz (1, 1)-theorem in tropical geometry},
  author={Jell, Philipp and Rau, Johannes and Shaw, Kristin},
  journal={{\'E}pijournal de G{\'e}om{\'e}trie Alg{\'e}brique},
  volume={2},
  year={2018},
  publisher={Episciences. org}
}
@article{foster2018non,
	title={Non-Archimedean and tropical theta functions},
	author={Foster, Tyler and Rabinoff, Joseph and Shokrieh, Farbod and Soto, Alejandro},
	journal={Mathematische Annalen},
	volume={372},
	pages={891--914},
	year={2018},
	publisher={Springer}
}
@article{jell2019superforms,
  title={Superforms, tropical cohomology, and {P}oincar{\'e} duality},
  author={Jell, Philipp and Shaw, Kristin and Smacka, Jascha},
  journal={Advances in Geometry},
  volume=19,
  number=1,
  pages={101--130},
  year=2019,
  publisher={De Gruyter}
}
@article {gross2023tautological,
    AUTHOR = {Gross, Andreas and Shokrieh, Farbod},
     TITLE = {Tautological cycles on tropical {J}acobians},
   JOURNAL = {Algebra Number Theory},
  FJOURNAL = {Algebra \& Number Theory},
    VOLUME = {17},
      YEAR = {2023},
    NUMBER = {4},
     PAGES = {885--921},
      ISSN = {1937-0652,1944-7833},
       DOI = {10.2140/ant.2023.17.885},
       URL = {https://doi.org/10.2140/ant.2023.17.885},
}
@article{gross2023sheaf,
    AUTHOR = {Gross, Andreas and Shokrieh, Farbod},
     TITLE = {A sheaf-theoretic approach to tropical homology},
   JOURNAL = {J. Algebra},
  FJOURNAL = {Journal of Algebra},
    VOLUME = {635},
      YEAR = {2023},
     PAGES = {577--641},
      ISSN = {0021-8693,1090-266X},
       DOI = {10.1016/j.jalgebra.2023.08.014},
       URL = {https://doi.org/10.1016/j.jalgebra.2023.08.014},
}
@inproceedings{gubler2016forms,
  title={Forms and currents on the analytification of an algebraic variety (after {C}hambert-{L}oir and {D}ucros)},
  author={Gubler, Walter},
  booktitle={Nonarchimedean and tropical geometry},
  pages={1--30},
  year={2016},
  organization={Springer}
}
@article{lagerberg2012super,
  title={Super currents and tropical geometry},
  author={Lagerberg, Aron},
  journal={Mathematische Zeitschrift},
  volume={270},
  number={3},
  pages={1011--1050},
  year={2012},
  publisher={Springer}
}
@article{wilms2017new,
  title={New explicit formulas for Faltingsâ€™ delta-invariant},
  author={Wilms, Robert},
  journal={Inventiones mathematicae},
  volume=209,
  number=2,
  pages={481--539},
  year=2017,
  publisher={Springer}
}
@article{gubler2017tropical,
  title={A tropical approach to nonarchimedean {A}rakelov geometry},
  author={Gubler, Walter and K{\"u}nnemann, Klaus},
  journal={Algebra \& Number Theory},
  volume={11},
  number={1},
  pages={77--180},
  year={2017},
  publisher={Mathematical Sciences Publishers}
}
@article{chambert2012formes,
  title={Formes diff\'erentielles r\'eelles et courants sur les espaces de {B}erkovich},
  author={Chambert-{L}oir, Antoine and Ducros, Antoine},
  journal={arXiv preprint arXiv:1204.6277},
  year={2012}
}
@article{gross2022effective,
  title={Effective divisor classes on metric graphs},
  author={Gross, Andreas and Shokrieh, Farbod and T{\'o}thm{\'e}r{\'e}sz, Lilla},
  journal={Mathematische Zeitschrift},
  volume={302},
  number={2},
  pages={663--685},
  year={2022},
  publisher={Springer}
}
@article{baker2011metric,
  title={Metric properties of the tropical {A}bel--{J}acobi map},
  author={Baker, Matthew and Faber, Xander},
  journal={Journal of Algebraic Combinatorics},
  volume={33},
  pages={349--381},
  year={2011},
  publisher={Springer}
}
@article {dejong2022faltings,
    AUTHOR = {de Jong, Robin and Shokrieh, Farbod},
     TITLE = {Faltings height and {N}\'{e}ron--{T}ate height of a theta divisor},
   JOURNAL = {Compos. Math.},
  FJOURNAL = {Compositio Mathematica},
    VOLUME = {158},
      YEAR = {2022},
    NUMBER = {1},
     PAGES = {1--32},
      ISSN = {0010-437X},
       DOI = {10.1112/s0010437x21007661},
       URL = {https://doi.org/10.1112/s0010437x21007661},
}
@article {dejong2022cross,
    AUTHOR = {de Jong, Robin and Shokrieh, Farbod},
     TITLE = {Metric graphs, cross ratios, and {R}ayleigh's laws},
   JOURNAL = {Rocky Mountain J. Math.},
  FJOURNAL = {The Rocky Mountain Journal of Mathematics},
    VOLUME = {52},
      YEAR = {2022},
    NUMBER = {4},
     PAGES = {1403--1422},
      ISSN = {0035-7596},
       DOI = {10.1216/rmj.2022.52.1403},
       URL = {https://doi-org.offcampus.lib.washington.edu/10.1216/rmj.2022.52.1403},
}
@article{zhang1993admissible,
  title={Admissible pairing on a curve},
  author={Zhang, Shouwu},
  journal={Inventiones mathematicae},
  volume={112},
  pages={171--193},
  year={1993},
  publisher={Springer},
  url={https://doi.org/10.1007/BF01232429}
}
